<collection xmlns="http://www.loc.gov/MARC21/slim">
<record>
  <leader>01802nam0a2200313 i 450 </leader>
  <controlfield tag="001">IT\ICCU\CNCE\009334</controlfield>
  <controlfield tag="005">20101027000000.0</controlfield>
  <datafield tag="012" ind1=" " ind2=" ">
    <subfield code="a">ueru o.a, o.o, VoCh (3) 1572 (R)</subfield>
    <subfield code="2">fei</subfield>
  </datafield>
  <datafield tag="100" ind1=" " ind2=" ">
    <subfield code="a">19970101d1572        0itac0103    ba</subfield>
  </datafield>
  <datafield tag="101" ind1=" " ind2=" ">
    <subfield code="a">ITA</subfield>
  </datafield>
  <datafield tag="102" ind1=" " ind2=" ">
    <subfield code="a">IT</subfield>
  </datafield>
  <datafield tag="200" ind1="1" ind2=" ">
    <subfield code="a">Dell&apos;Austria dell&apos;illustrissimo signor Ferrante Carrafa alla maesta dell&apos;inuittissimo re Filippo suo signore doue si contiene la vittoria della santa lega all&apos;Echinadi, diuisa in cinque parti. Con i prieghi dell&apos;unione, le gioie della vittoria. Detta vittoria in altre rime. Tutti li successi auuenuti dopo di quella, insino a questo d ultimo d&apos;ottobre 1572. Le lodi della santissima madre della vittoria, et regina del cielo. Alcune lettere papali, reali, serenissime, et illustri</subfield>
  </datafield>
  <datafield tag="210" ind1=" " ind2=" ">
    <subfield code="a">In Napoli</subfield>
    <subfield code="c">appresso Giuseppe Cacchij</subfield>
    <subfield code="d">1572</subfield>
    <subfield code="h">1573</subfield>
  </datafield>
  <datafield tag="215" ind1=" " ind2=" ">
    <subfield code="a">40, 167 \i.e. 171!, \10! c.</subfield>
    <subfield code="d">4ʻ</subfield>
  </datafield>
  <datafield tag="620" ind1=" " ind2=" ">
    <subfield code="a">IT</subfield>
    <subfield code="d">Napoli</subfield>
  </datafield>
  <datafield tag="700" ind1=" " ind2="1">
    <subfield code="a">Carafa,</subfield>
    <subfield code="b">Ferrante</subfield>
    <subfield code="3">IT\ICCU\CNCA\002609</subfield>
  </datafield>
  <datafield tag="712" ind1="0" ind2="0">
    <subfield code="a">Cacchi, Giuseppe</subfield>
    <subfield code="3">IT\ICCU\CNCT\000064</subfield>
    <subfield code="4">650</subfield>
  </datafield>
  <datafield tag="790" ind1=" " ind2="1">
    <subfield code="a">Carrafa,</subfield>
    <subfield code="b">Ferrante</subfield>
    <subfield code="3">IT\ICCU\CNCA\015712</subfield>
    <subfield code="z">Carafa, Ferrante</subfield>
  </datafield>
  <datafield tag="791" ind1="0" ind2="0">
    <subfield code="a">Cacchius, Iosephus</subfield>
    <subfield code="3">IT\ICCU\CNCT\004389</subfield>
    <subfield code="z">Cacchi, Giuseppe</subfield>
  </datafield>
  <datafield tag="791" ind1="0" ind2="0">
    <subfield code="a">Cacchio, Giuseppe</subfield>
    <subfield code="3">IT\ICCU\CNCT\004390</subfield>
    <subfield code="z">Cacchi, Giuseppe</subfield>
  </datafield>
  <datafield tag="801" ind1=" " ind2="3">
    <subfield code="a">IT</subfield>
    <subfield code="b">ICCU</subfield>
    <subfield code="c">20201113</subfield>
  </datafield>
  <datafield tag="899" ind1=" " ind2=" ">
    <subfield code="a">Biblioteca comunale Giulio Gabrielli. Ascoli Piceno</subfield>
    <subfield code="1">AP0006</subfield>
    <subfield code="2">UMC AP</subfield>
  </datafield>
  <datafield tag="899" ind1=" " ind2=" ">
    <subfield code="a">Biblioteca regionale universitaria. Catania</subfield>
    <subfield code="1">CT0062</subfield>
    <subfield code="2">PAL BC</subfield>
  </datafield>
  <datafield tag="899" ind1=" " ind2=" ">
    <subfield code="a">Biblioteca Apostolica Vaticana. Citt ̉del Vaticano</subfield>
    <subfield code="1">EX0001</subfield>
    <subfield code="2">ZCV 01</subfield>
  </datafield>
  <datafield tag="899" ind1=" " ind2=" ">
    <subfield code="a">Biblioteca universitaria. Napoli</subfield>
    <subfield code="1">NA0070</subfield>
    <subfield code="2">NAP BU</subfield>
  </datafield>
  <datafield tag="899" ind1=" " ind2=" ">
    <subfield code="a">Biblioteca universitaria. Pisa</subfield>
    <subfield code="1">PI0112</subfield>
    <subfield code="2">PIS R1</subfield>
  </datafield>
  <datafield tag="899" ind1=" " ind2=" ">
    <subfield code="a">Biblioteca Casanatense. Roma</subfield>
    <subfield code="1">RM0313</subfield>
    <subfield code="2">RML 07</subfield>
  </datafield>
  <datafield tag="899" ind1=" " ind2=" ">
    <subfield code="a">Biblioteca Reale. Torino</subfield>
    <subfield code="1">TO0263</subfield>
    <subfield code="2">TO0 07</subfield>
  </datafield>
  <datafield tag="899" ind1=" " ind2=" ">
    <subfield code="a">Biblioteca nazionale Marciana. Venezia</subfield>
    <subfield code="1">VE0049</subfield>
    <subfield code="2">VEA BM</subfield>
  </datafield>
</record>
</collection>
